
      <record>
         <leader>00000nz  a2200169   4500</leader>
         <controlfield tag="001">30003128</controlfield>
         <controlfield tag="003">RISM</controlfield>
         <controlfield tag="005">20160216</controlfield>
         <controlfield tag="008">160216n||az|||||||##########||||||||||||</controlfield>
         <datafield tag="040" ind1=" " ind2=" ">
            <subfield code="a">NL-Aeh</subfield>
         </datafield>
         <datafield tag="043" ind1=" " ind2=" ">
            <subfield code="c">XA-NL</subfield>
         </datafield>
         <datafield tag="110" ind1="2" ind2=" ">
            <subfield code="a">Portugeesch-Israëlietisch Seminarium, Livraria Ets-Haïm</subfield>
            <subfield code="c">Amsterdam</subfield>
            <subfield code="g">NL-Aeh</subfield>
         </datafield>
         <datafield tag="410" ind1="2" ind2=" ">
            <subfield code="a">Ets Haim, Livraria Montezinos, Sephardi</subfield>
         </datafield>
      </record>