
      <record>
         <leader>00000nz  a2200169   4500</leader>
         <controlfield tag="001">30080665</controlfield>
         <controlfield tag="003">RISM</controlfield>
         <controlfield tag="005">20160216</controlfield>
         <controlfield tag="008">160216n||az|||||||##########||||||||||||</controlfield>
         <datafield tag="040" ind1=" " ind2=" ">
            <subfield code="a">NL-Arrl</subfield>
         </datafield>
         <datafield tag="043" ind1=" " ind2=" ">
            <subfield code="c">XA-NL</subfield>
         </datafield>
         <datafield tag="110" ind1="2" ind2=" ">
            <subfield code="a">Rijksmuseum, Research Library</subfield>
            <subfield code="c">Amsterdam</subfield>
            <subfield code="g">NL-Arrl</subfield>
         </datafield>
         <datafield tag="622" ind1=" " ind2=" ">
            <subfield code="e">Rijksmuseum, Research Library, Museumstraat 1, 1071 XX Amsterdam, Netherlands</subfield>
            <subfield code="u">https://www.rijksmuseum.nl/nl/onderzoek/rijksmuseum-research-library</subfield>
         </datafield>
      </record>