
      <record>
         <leader>00000nz  a2200169   4500</leader>
         <controlfield tag="001">30002020</controlfield>
         <controlfield tag="003">RISM</controlfield>
         <controlfield tag="005">20160216</controlfield>
         <controlfield tag="008">160216n||az|||||||##########||||||||||||</controlfield>
         <datafield tag="040" ind1=" " ind2=" ">
            <subfield code="a">NL-As</subfield>
         </datafield>
         <datafield tag="043" ind1=" " ind2=" ">
            <subfield code="c">XA-NL</subfield>
         </datafield>
         <datafield tag="110" ind1="2" ind2=" ">
            <subfield code="a">Conservatorium</subfield>
            <subfield code="c">Amsterdam</subfield>
            <subfield code="g">NL-As</subfield>
         </datafield>
         <datafield tag="410" ind1="2" ind2=" ">
            <subfield code="a">Sweelinckconservatorium</subfield>
         </datafield>
         <datafield tag="622" ind1=" " ind2=" ">
            <subfield code="e">Conservatorium, Van Baerlestraat 27, 1070 LP Amsterdam, Netherlands</subfield>
            <subfield code="u">http://www.cva.ahk.nl</subfield>
         </datafield>
      </record>