
      <record>
         <leader>00000nz  a2200169   4500</leader>
         <controlfield tag="001">30070472</controlfield>
         <controlfield tag="003">RISM</controlfield>
         <controlfield tag="005">20160216</controlfield>
         <controlfield tag="008">160216n||az|||||||##########||||||||||||</controlfield>
         <datafield tag="040" ind1=" " ind2=" ">
            <subfield code="a">NL-Asta</subfield>
         </datafield>
         <datafield tag="043" ind1=" " ind2=" ">
            <subfield code="c">XA-NL</subfield>
         </datafield>
         <datafield tag="110" ind1="2" ind2=" ">
            <subfield code="a">Stadsarchief</subfield>
            <subfield code="c">Amsterdam</subfield>
            <subfield code="g">NL-Asta</subfield>
         </datafield>
         <datafield tag="622" ind1=" " ind2=" ">
            <subfield code="e">Stadsarchief, Vijzelstraat 32, 1017 HL Amsterdam, Netherlands</subfield>
            <subfield code="u">http://stadsarchief.amsterdam.nl/</subfield>
         </datafield>
      </record>