
      <record>
         <leader>00000nz  a2200169   4500</leader>
         <controlfield tag="001">30002021</controlfield>
         <controlfield tag="003">RISM</controlfield>
         <controlfield tag="005">20160216</controlfield>
         <controlfield tag="008">160216n||az|||||||##########||||||||||||</controlfield>
         <datafield tag="040" ind1=" " ind2=" ">
            <subfield code="a">NL-At</subfield>
         </datafield>
         <datafield tag="043" ind1=" " ind2=" ">
            <subfield code="c">XA-NL</subfield>
         </datafield>
         <datafield tag="110" ind1="2" ind2=" ">
            <subfield code="a">Openbare Bibliotheek, Toonkunst-Bibliotheek</subfield>
            <subfield code="c">Amsterdam</subfield>
            <subfield code="g">NL-At</subfield>
         </datafield>
         <datafield tag="410" ind1="2" ind2=" ">
            <subfield code="a">Stichting Toonkunst-Bibliotheek</subfield>
         </datafield>
         <datafield tag="622" ind1=" " ind2=" ">
            <subfield code="e">Openbare Bibliotheek, Toonkunst, -Bibliotheek, Oosterdokskade 143, 1011 DL  Amsterdam, Netherlands</subfield>
            <subfield code="u">http://www.oba.nl/</subfield>
         </datafield>
         <datafield tag="710" ind1="2" ind2=" ">
            <subfield code="a">Universiteitsbibliotheek</subfield>
            <subfield code="0">30002022</subfield>
         </datafield>
      </record>