
      <record>
         <leader>00000nz  a2200169   4500</leader>
         <controlfield tag="001">30002023</controlfield>
         <controlfield tag="003">RISM</controlfield>
         <controlfield tag="005">20160216</controlfield>
         <controlfield tag="008">160216n||az|||||||##########||||||||||||</controlfield>
         <datafield tag="040" ind1=" " ind2=" ">
            <subfield code="a">NL-Avnm</subfield>
         </datafield>
         <datafield tag="043" ind1=" " ind2=" ">
            <subfield code="c">XA-NL</subfield>
         </datafield>
         <datafield tag="110" ind1="2" ind2=" ">
            <subfield code="a">Bibliotheek der Vereniging voor Nederlandse Muziekgeschiedenis</subfield>
            <subfield code="c">Amsterdam</subfield>
            <subfield code="g">NL-Avnm</subfield>
         </datafield>
         <datafield tag="580" ind1=" " ind2=" ">
            <subfield code="x">NL-At</subfield>
            <subfield code="0">30002021</subfield>
         </datafield>
         <datafield tag="622" ind1=" " ind2=" ">
            <subfield code="e">Bibliotheek der Vereniging voor,  Nederlandse Muziekgeschiedenis, Eerste Jacob van Campenstraat 59, Amsterdam-Z, Netherlands</subfield>
         </datafield>
      </record>