
      <record>
         <leader>00000nz  a2200169   4500</leader>
         <controlfield tag="001">30006584</controlfield>
         <controlfield tag="003">RISM</controlfield>
         <controlfield tag="005">20160216</controlfield>
         <controlfield tag="008">160216n||az|||||||##########||||||||||||</controlfield>
         <datafield tag="040" ind1=" " ind2=" ">
            <subfield code="a">NL-Avu</subfield>
         </datafield>
         <datafield tag="043" ind1=" " ind2=" ">
            <subfield code="c">XA-NL</subfield>
         </datafield>
         <datafield tag="110" ind1="2" ind2=" ">
            <subfield code="a">Vrij Universiteit, Bibliotheek</subfield>
            <subfield code="c">Amsterdam</subfield>
            <subfield code="g">NL-Avu</subfield>
         </datafield>
         <datafield tag="622" ind1=" " ind2=" ">
            <subfield code="e">Vrij Universiteit, Bibliotheek, De Boelelaan 1105, 1081 HV Amsterdam, Netherlands</subfield>
            <subfield code="u">http://www.vu.nl</subfield>
         </datafield>
      </record>