
      <record>
         <leader>00000nz  a2200169   4500</leader>
         <controlfield tag="001">30002026</controlfield>
         <controlfield tag="003">RISM</controlfield>
         <controlfield tag="005">20160216</controlfield>
         <controlfield tag="008">160216n||az|||||||##########||||||||||||</controlfield>
         <datafield tag="040" ind1=" " ind2=" ">
            <subfield code="a">NL-D</subfield>
         </datafield>
         <datafield tag="043" ind1=" " ind2=" ">
            <subfield code="c">XA-NL</subfield>
         </datafield>
         <datafield tag="110" ind1="2" ind2=" ">
            <subfield code="a">Stadsbibliotheek, Stadhuis</subfield>
            <subfield code="c">Deventer</subfield>
            <subfield code="g">NL-D</subfield>
         </datafield>
         <datafield tag="410" ind1="2" ind2=" ">
            <subfield code="a">Stads- of Athenaeumbibliotheek</subfield>
         </datafield>
         <datafield tag="410" ind1="2" ind2=" ">
            <subfield code="a">Athenaeum-Bibliotheek</subfield>
         </datafield>
         <datafield tag="622" ind1=" " ind2=" ">
            <subfield code="e">Stadsbibliotheek, Stadhuis, Grote Kerkhof, Deventer, Netherlands</subfield>
         </datafield>
      </record>