
      <record>
         <leader>00000nz  a2200169   4500</leader>
         <controlfield tag="001">30002027</controlfield>
         <controlfield tag="003">RISM</controlfield>
         <controlfield tag="005">20160216</controlfield>
         <controlfield tag="008">160216n||az|||||||##########||||||||||||</controlfield>
         <datafield tag="040" ind1=" " ind2=" ">
            <subfield code="a">NL-DHa</subfield>
         </datafield>
         <datafield tag="043" ind1=" " ind2=" ">
            <subfield code="c">XA-NL</subfield>
         </datafield>
         <datafield tag="110" ind1="2" ind2=" ">
            <subfield code="a">Koninklijk Huisarchief</subfield>
            <subfield code="c">Den Haag</subfield>
            <subfield code="g">NL-DHa</subfield>
         </datafield>
         <datafield tag="622" ind1=" " ind2=" ">
            <subfield code="e">Koninklijk Huisarchief, Nordeinde 74, Den Haag, Netherlands</subfield>
         </datafield>
      </record>