
      <record>
         <leader>00000nz  a2200169   4500</leader>
         <controlfield tag="001">30002028</controlfield>
         <controlfield tag="003">RISM</controlfield>
         <controlfield tag="005">20160216</controlfield>
         <controlfield tag="008">160216n||az|||||||##########||||||||||||</controlfield>
         <datafield tag="040" ind1=" " ind2=" ">
            <subfield code="a">NL-DHgm</subfield>
         </datafield>
         <datafield tag="043" ind1=" " ind2=" ">
            <subfield code="c">XA-NL</subfield>
         </datafield>
         <datafield tag="110" ind1="2" ind2=" ">
            <subfield code="a">Gemeentemuseum Den Haag</subfield>
            <subfield code="c">Den Haag</subfield>
            <subfield code="g">NL-DHgm</subfield>
         </datafield>
         <datafield tag="580" ind1=" " ind2=" ">
            <subfield code="x">NL-DHnmi</subfield>
            <subfield code="0">30006492</subfield>
         </datafield>
      </record>