
      <record>
         <leader>00000nz  a2200169   4500</leader>
         <controlfield tag="001">30002029</controlfield>
         <controlfield tag="003">RISM</controlfield>
         <controlfield tag="005">20160216</controlfield>
         <controlfield tag="008">160216n||az|||||||##########||||||||||||</controlfield>
         <datafield tag="040" ind1=" " ind2=" ">
            <subfield code="a">NL-DHk</subfield>
         </datafield>
         <datafield tag="043" ind1=" " ind2=" ">
            <subfield code="c">XA-NL</subfield>
         </datafield>
         <datafield tag="110" ind1="2" ind2=" ">
            <subfield code="a">Koninklijke Bibliotheek, Nationale Bibliotheek van Nederland</subfield>
            <subfield code="c">Den Haag</subfield>
            <subfield code="g">NL-DHk</subfield>
         </datafield>
         <datafield tag="622" ind1=" " ind2=" ">
            <subfield code="e">Koninklijke Bibliotheek, Nationale,  Bibliotheek van Nederland, Prins Willem-Alexanderhof 5, 2592 BE Den Haag, Netherlands</subfield>
            <subfield code="u">http://www.kb.nl</subfield>
         </datafield>
      </record>