
      <record>
         <leader>00000nz  a2200169   4500</leader>
         <controlfield tag="001">30002030</controlfield>
         <controlfield tag="003">RISM</controlfield>
         <controlfield tag="005">20160216</controlfield>
         <controlfield tag="008">160216n||az|||||||##########||||||||||||</controlfield>
         <datafield tag="040" ind1=" " ind2=" ">
            <subfield code="a">NL-DHmw</subfield>
         </datafield>
         <datafield tag="043" ind1=" " ind2=" ">
            <subfield code="c">XA-NL</subfield>
         </datafield>
         <datafield tag="110" ind1="2" ind2=" ">
            <subfield code="a">Rijksmuseum Meermanno-Westreenianum</subfield>
            <subfield code="c">Den Haag</subfield>
            <subfield code="g">NL-DHmw</subfield>
         </datafield>
         <datafield tag="410" ind1="2" ind2=" ">
            <subfield code="a">Museum van het Boek</subfield>
         </datafield>
         <datafield tag="622" ind1=" " ind2=" ">
            <subfield code="e">Rijksmuseum Meermanno-Westreenianum, Prinsessegracht 30, Den Haag, Netherlands</subfield>
         </datafield>
      </record>