
      <record>
         <leader>00000nz  a2200169   4500</leader>
         <controlfield tag="001">30006492</controlfield>
         <controlfield tag="003">RISM</controlfield>
         <controlfield tag="005">20160216</controlfield>
         <controlfield tag="008">160216n||az|||||||##########||||||||||||</controlfield>
         <datafield tag="040" ind1=" " ind2=" ">
            <subfield code="a">NL-DHnmi</subfield>
         </datafield>
         <datafield tag="043" ind1=" " ind2=" ">
            <subfield code="c">XA-NL</subfield>
         </datafield>
         <datafield tag="110" ind1="2" ind2=" ">
            <subfield code="a">Nederlands Muziek Instituut</subfield>
            <subfield code="c">Den Haag</subfield>
            <subfield code="g">NL-DHnmi</subfield>
         </datafield>
         <datafield tag="622" ind1=" " ind2=" ">
            <subfield code="e">Nederlands Muziek Instituut, Prins Willem-Alexanderhof 5, 2595 BE  Den Haag, Netherlands</subfield>
            <subfield code="u">http://www.nederlandsmuziekinstituut.nl</subfield>
         </datafield>
      </record>