
      <record>
         <leader>00000nz  a2200169   4500</leader>
         <controlfield tag="001">30005661</controlfield>
         <controlfield tag="003">RISM</controlfield>
         <controlfield tag="005">20160216</controlfield>
         <controlfield tag="008">160216n||az|||||||##########||||||||||||</controlfield>
         <datafield tag="040" ind1=" " ind2=" ">
            <subfield code="a">NL-DOheuvel</subfield>
         </datafield>
         <datafield tag="043" ind1=" " ind2=" ">
            <subfield code="c">XA-NL</subfield>
         </datafield>
         <datafield tag="110" ind1="2" ind2=" ">
            <subfield code="a">Privatsammlung Dick van Heuvel</subfield>
            <subfield code="c">Doetinchem</subfield>
            <subfield code="g">NL-DOheuvel</subfield>
         </datafield>
         <datafield tag="622" ind1=" " ind2=" ">
            <subfield code="e">Privatsammlung Dick van Heuvel, Hackfort 58, 7006 JD Doetinchem, Netherlands</subfield>
         </datafield>
      </record>