
      <record>
         <leader>00000nz  a2200169   4500</leader>
         <controlfield tag="001">30080681</controlfield>
         <controlfield tag="003">RISM</controlfield>
         <controlfield tag="005">20160216</controlfield>
         <controlfield tag="008">160216n||az|||||||##########||||||||||||</controlfield>
         <datafield tag="040" ind1=" " ind2=" ">
            <subfield code="a">NL-EINrhc</subfield>
         </datafield>
         <datafield tag="043" ind1=" " ind2=" ">
            <subfield code="c">XA-NL</subfield>
         </datafield>
         <datafield tag="110" ind1="2" ind2=" ">
            <subfield code="a">Regionaal Historisch Centrum</subfield>
            <subfield code="c">Eindhoven</subfield>
            <subfield code="g">NL-EINrhc</subfield>
         </datafield>
         <datafield tag="622" ind1=" " ind2=" ">
            <subfield code="e">Regionaal Historisch Centrum, Raiffeisenstraat 18, 5611 CH Eindhoven, Netherlands</subfield>
            <subfield code="u">http://www.rhc-eindhoven.nl/</subfield>
         </datafield>
      </record>