
      <record>
         <leader>00000nz  a2200169   4500</leader>
         <controlfield tag="001">30080656</controlfield>
         <controlfield tag="003">RISM</controlfield>
         <controlfield tag="005">20160216</controlfield>
         <controlfield tag="008">160216n||az|||||||##########||||||||||||</controlfield>
         <datafield tag="040" ind1=" " ind2=" ">
            <subfield code="a">NL-Ga</subfield>
         </datafield>
         <datafield tag="043" ind1=" " ind2=" ">
            <subfield code="c">XA-NL</subfield>
         </datafield>
         <datafield tag="110" ind1="2" ind2=" ">
            <subfield code="a">Groninger Archieven</subfield>
            <subfield code="c">Groningen</subfield>
            <subfield code="g">NL-Ga</subfield>
         </datafield>
         <datafield tag="622" ind1=" " ind2=" ">
            <subfield code="e">Groninger Archieven, Cascadeplein 4, 9726 AD Groningen, Netherlands</subfield>
            <subfield code="u">https://www.groningerarchieven.nl/</subfield>
         </datafield>
      </record>