
      <record>
         <leader>00000nz  a2200169   4500</leader>
         <controlfield tag="001">30077413</controlfield>
         <controlfield tag="003">RISM</controlfield>
         <controlfield tag="005">20160216</controlfield>
         <controlfield tag="008">160216n||az|||||||##########||||||||||||</controlfield>
         <datafield tag="040" ind1=" " ind2=" ">
            <subfield code="a">NL-HE</subfield>
         </datafield>
         <datafield tag="043" ind1=" " ind2=" ">
            <subfield code="c">NL</subfield>
         </datafield>
         <datafield tag="110" ind1="2" ind2=" ">
            <subfield code="a">Archief Huis Bergh</subfield>
            <subfield code="c">‘s-Heerenberg</subfield>
            <subfield code="g">NL-HE</subfield>
         </datafield>
         <datafield tag="622" ind1=" " ind2=" ">
            <subfield code="e">Archief Huis Bergh, Hof van Bergh 8, Postbus 155, 7040 AD ‘s-Heerenberg, Netherlands</subfield>
            <subfield code="u">http://www.huisbergh.nl/home.aspx</subfield>
         </datafield>
      </record>