
      <record>
         <leader>00000nz  a2200169   4500</leader>
         <controlfield tag="001">30002036</controlfield>
         <controlfield tag="003">RISM</controlfield>
         <controlfield tag="005">20160216</controlfield>
         <controlfield tag="008">160216n||az|||||||##########||||||||||||</controlfield>
         <datafield tag="040" ind1=" " ind2=" ">
            <subfield code="a">NL-HIr</subfield>
         </datafield>
         <datafield tag="043" ind1=" " ind2=" ">
            <subfield code="c">XA-NL</subfield>
         </datafield>
         <datafield tag="110" ind1="2" ind2=" ">
            <subfield code="a">Radio Nederland, Music Lib</subfield>
            <subfield code="c">Hilversum</subfield>
            <subfield code="g">NL-HIr</subfield>
         </datafield>
         <datafield tag="410" ind1="2" ind2=" ">
            <subfield code="a">Netherlands Broadcasting Foundation</subfield>
         </datafield>
         <datafield tag="410" ind1="2" ind2=" ">
            <subfield code="a">Radio Nederland, Nederlandse Omroep-Stichting</subfield>
         </datafield>
         <datafield tag="410" ind1="2" ind2=" ">
            <subfield code="a">Nederlands Radio-Unie</subfield>
         </datafield>
         <datafield tag="622" ind1=" " ind2=" ">
            <subfield code="e">Radio Nederland, Music Lib, Insulindelaan 16 (Box 10), Hilversum, Netherlands</subfield>
         </datafield>
      </record>