
      <record>
         <leader>00000nz  a2200169   4500</leader>
         <controlfield tag="001">30080449</controlfield>
         <controlfield tag="003">RISM</controlfield>
         <controlfield tag="005">20160216</controlfield>
         <controlfield tag="008">160216n||az|||||||##########||||||||||||</controlfield>
         <datafield tag="040" ind1=" " ind2=" ">
            <subfield code="a">NL-HOwfa</subfield>
         </datafield>
         <datafield tag="043" ind1=" " ind2=" ">
            <subfield code="c">XA-NL</subfield>
         </datafield>
         <datafield tag="110" ind1="2" ind2=" ">
            <subfield code="a">Westfries Archief</subfield>
            <subfield code="c">Hoorn</subfield>
            <subfield code="g">NL-HOwfa</subfield>
         </datafield>
         <datafield tag="622" ind1=" " ind2=" ">
            <subfield code="e">Westfries Archief, Blauwe Berg 5 C, 1625 NT Hoorn, Netherlands</subfield>
            <subfield code="u">http://www.westfriesarchief.nl</subfield>
         </datafield>
      </record>