
      <record>
         <leader>00000nz  a2200169   4500</leader>
         <controlfield tag="001">30002035</controlfield>
         <controlfield tag="003">RISM</controlfield>
         <controlfield tag="005">20160216</controlfield>
         <controlfield tag="008">160216n||az|||||||##########||||||||||||</controlfield>
         <datafield tag="040" ind1=" " ind2=" ">
            <subfield code="a">NL-Hs</subfield>
         </datafield>
         <datafield tag="043" ind1=" " ind2=" ">
            <subfield code="c">XA-NL</subfield>
         </datafield>
         <datafield tag="110" ind1="2" ind2=" ">
            <subfield code="a">Stadsbibliotheek</subfield>
            <subfield code="c">Haarlem</subfield>
            <subfield code="g">NL-Hs</subfield>
         </datafield>
         <datafield tag="410" ind1="2" ind2=" ">
            <subfield code="a">Stadsbibliotheek en -Leeszaal, Muziekafdeling</subfield>
         </datafield>
         <datafield tag="410" ind1="2" ind2=" ">
            <subfield code="a">Gemeentelijke Bibliotheek</subfield>
         </datafield>
         <datafield tag="622" ind1=" " ind2=" ">
            <subfield code="e">Stadsbibliotheek, Wilhelminastraat 49, Haarlem, Netherlands</subfield>
         </datafield>
      </record>