
      <record>
         <leader>00000nz  a2200169   4500</leader>
         <controlfield tag="001">30079246</controlfield>
         <controlfield tag="003">RISM</controlfield>
         <controlfield tag="005">20160216</controlfield>
         <controlfield tag="008">160216n||az|||||||##########||||||||||||</controlfield>
         <datafield tag="040" ind1=" " ind2=" ">
            <subfield code="a">NL-Kga</subfield>
         </datafield>
         <datafield tag="043" ind1=" " ind2=" ">
            <subfield code="c">NL</subfield>
         </datafield>
         <datafield tag="110" ind1="2" ind2=" ">
            <subfield code="a">Gemeentearchief</subfield>
            <subfield code="c">Kampen</subfield>
            <subfield code="g">NL-Kga</subfield>
         </datafield>
         <datafield tag="622" ind1=" " ind2=" ">
            <subfield code="e">Gemeentearchief, Molenstraat 28, 8261 JW, Kampen, Netherlands</subfield>
            <subfield code="u">http://www.gemeentearchiefkampen.nl/</subfield>
         </datafield>
      </record>