
      <record>
         <leader>00000nz  a2200169   4500</leader>
         <controlfield tag="001">30002037</controlfield>
         <controlfield tag="003">RISM</controlfield>
         <controlfield tag="005">20160216</controlfield>
         <controlfield tag="008">160216n||az|||||||##########||||||||||||</controlfield>
         <datafield tag="040" ind1=" " ind2=" ">
            <subfield code="a">NL-L</subfield>
         </datafield>
         <datafield tag="043" ind1=" " ind2=" ">
            <subfield code="c">XA-NL</subfield>
         </datafield>
         <datafield tag="110" ind1="2" ind2=" ">
            <subfield code="a">Gemeentearchief</subfield>
            <subfield code="c">Leiden</subfield>
            <subfield code="g">NL-L</subfield>
         </datafield>
         <datafield tag="622" ind1=" " ind2=" ">
            <subfield code="e">Gemeentearchief, Boisotkade 2a, Leiden, Netherlands</subfield>
         </datafield>
      </record>