
      <record>
         <leader>00000nz  a2200169   4500</leader>
         <controlfield tag="001">30079317</controlfield>
         <controlfield tag="003">RISM</controlfield>
         <controlfield tag="005">20160216</controlfield>
         <controlfield tag="008">160216n||az|||||||##########||||||||||||</controlfield>
         <datafield tag="040" ind1=" " ind2=" ">
            <subfield code="a">NL-Lkiv</subfield>
         </datafield>
         <datafield tag="043" ind1=" " ind2=" ">
            <subfield code="c">NL</subfield>
         </datafield>
         <datafield tag="110" ind1="2" ind2=" ">
            <subfield code="a">Koninklijk Instituut voor Taal-, Land- en Volkenkunde (KITLV)</subfield>
            <subfield code="c">Leiden</subfield>
            <subfield code="g">NL-Lkiv</subfield>
         </datafield>
         <datafield tag="410" ind1="2" ind2=" ">
            <subfield code="a">Royal Netherlands Institute of Southeast Asian and Caribbean Studies</subfield>
         </datafield>
         <datafield tag="622" ind1=" " ind2=" ">
            <subfield code="e">Koninklijk Instituut voor Taal-, Land-,  en Volkenkunde (KITLV), Reuvensplaats 2, 2311 BE Leiden, Netherlands</subfield>
            <subfield code="u">http://www.kitlv.nl/</subfield>
         </datafield>
      </record>