
      <record>
         <leader>00000nz  a2200169   4500</leader>
         <controlfield tag="001">30080618</controlfield>
         <controlfield tag="003">RISM</controlfield>
         <controlfield tag="005">20160216</controlfield>
         <controlfield tag="008">160216n||az|||||||##########||||||||||||</controlfield>
         <datafield tag="040" ind1=" " ind2=" ">
            <subfield code="a">NL-Mu</subfield>
         </datafield>
         <datafield tag="043" ind1=" " ind2=" ">
            <subfield code="c">XA-NL</subfield>
         </datafield>
         <datafield tag="110" ind1="2" ind2=" ">
            <subfield code="a">Universiteitsbibliotheek</subfield>
            <subfield code="c">Maastricht</subfield>
            <subfield code="g">NL-Mu</subfield>
         </datafield>
         <datafield tag="622" ind1=" " ind2=" ">
            <subfield code="e">Universiteitsbibliotheek, General contact information:, Postbus 616, 6200 MD Maastricht, Netherlands</subfield>
            <subfield code="u">http://www.maastrichtuniversity.nl/web/Bibliotheek/home.htm</subfield>
         </datafield>
      </record>