
      <record>
         <leader>00000nz  a2200169   4500</leader>
         <controlfield tag="001">30006585</controlfield>
         <controlfield tag="003">RISM</controlfield>
         <controlfield tag="005">20160216</controlfield>
         <controlfield tag="008">160216n||az|||||||##########||||||||||||</controlfield>
         <datafield tag="040" ind1=" " ind2=" ">
            <subfield code="a">NL-Nku</subfield>
         </datafield>
         <datafield tag="043" ind1=" " ind2=" ">
            <subfield code="c">XA-NL</subfield>
         </datafield>
         <datafield tag="110" ind1="2" ind2=" ">
            <subfield code="a">Radboud Universiteit, Universiteitsbibliotheek</subfield>
            <subfield code="c">Nijmegen</subfield>
            <subfield code="g">NL-Nku</subfield>
         </datafield>
         <datafield tag="410" ind1="2" ind2=" ">
            <subfield code="a">Katholieke Universiteit, Bibliotheek</subfield>
         </datafield>
         <datafield tag="622" ind1=" " ind2=" ">
            <subfield code="e">Radboud Universiteit,,  Universiteitsbibliotheek, Postbus 9100, Erasmuslaan 36, 6500 HA  Nijmegen, Netherlands</subfield>
            <subfield code="u">http://www.ru.nl/ubn/</subfield>
         </datafield>
      </record>