
      <record>
         <leader>00000nz  a2200169   4500</leader>
         <controlfield tag="001">30079319</controlfield>
         <controlfield tag="003">RISM</controlfield>
         <controlfield tag="005">20160216</controlfield>
         <controlfield tag="008">160216n||az|||||||##########||||||||||||</controlfield>
         <datafield tag="040" ind1=" " ind2=" ">
            <subfield code="a">NL-Rwm</subfield>
         </datafield>
         <datafield tag="043" ind1=" " ind2=" ">
            <subfield code="c">NL</subfield>
         </datafield>
         <datafield tag="110" ind1="2" ind2=" ">
            <subfield code="a">Wereldmuseum</subfield>
            <subfield code="c">Rotterdam</subfield>
            <subfield code="g">NL-Rwm</subfield>
         </datafield>
         <datafield tag="622" ind1=" " ind2=" ">
            <subfield code="e">Wereldmuseum, Willemskade 25, 3016 DM Rotterdam, Netherlands</subfield>
            <subfield code="u">http://www.wereldmuseum.nl/nl/home.html</subfield>
         </datafield>
      </record>