
      <record>
         <leader>00000nz  a2200169   4500</leader>
         <controlfield tag="001">30002044</controlfield>
         <controlfield tag="003">RISM</controlfield>
         <controlfield tag="005">20160216</controlfield>
         <controlfield tag="008">160216n||az|||||||##########||||||||||||</controlfield>
         <datafield tag="040" ind1=" " ind2=" ">
            <subfield code="a">NL-SH</subfield>
         </datafield>
         <datafield tag="043" ind1=" " ind2=" ">
            <subfield code="c">XA-NL</subfield>
         </datafield>
         <datafield tag="110" ind1="2" ind2=" ">
            <subfield code="a">Archief van de Illustre Lieve Vrouwe Broederschap</subfield>
            <subfield code="c">'s-Hertogenbosch</subfield>
            <subfield code="g">NL-SH</subfield>
         </datafield>
         <datafield tag="622" ind1=" " ind2=" ">
            <subfield code="e">Archief van de Illustre Lieve Vrouwe,  Broederschap, Zwanenbroedershuis, Hinthamerstraat 94, 5211 MS 's-Hertogenbosch, Netherlands</subfield>
            <subfield code="u">http://www.zwanenbroedershuis.nl/</subfield>
         </datafield>
      </record>