
      <record>
         <leader>00000nz  a2200169   4500</leader>
         <controlfield tag="001">30002045</controlfield>
         <controlfield tag="003">RISM</controlfield>
         <controlfield tag="005">20160216</controlfield>
         <controlfield tag="008">160216n||az|||||||##########||||||||||||</controlfield>
         <datafield tag="040" ind1=" " ind2=" ">
            <subfield code="a">NL-Uim</subfield>
         </datafield>
         <datafield tag="043" ind1=" " ind2=" ">
            <subfield code="c">XA-NL</subfield>
         </datafield>
         <datafield tag="110" ind1="2" ind2=" ">
            <subfield code="a">Instituut voor Muziekwetenschap der Rijksuniversiteit</subfield>
            <subfield code="c">Utrecht</subfield>
            <subfield code="g">NL-Uim</subfield>
         </datafield>
         <datafield tag="622" ind1=" " ind2=" ">
            <subfield code="e">Instituut voor Muziekwetenschap der,  Rijksuniversiteit, Drift 21, Utrecht, Netherlands</subfield>
         </datafield>
      </record>