
      <record>
         <leader>00000nz  a2200169   4500</leader>
         <controlfield tag="001">30002046</controlfield>
         <controlfield tag="003">RISM</controlfield>
         <controlfield tag="005">20160216</controlfield>
         <controlfield tag="008">160216n||az|||||||##########||||||||||||</controlfield>
         <datafield tag="040" ind1=" " ind2=" ">
            <subfield code="a">NL-Usg</subfield>
         </datafield>
         <datafield tag="043" ind1=" " ind2=" ">
            <subfield code="c">XA-NL</subfield>
         </datafield>
         <datafield tag="110" ind1="2" ind2=" ">
            <subfield code="a">St. Gregorius Vereniging, Bibliotheek</subfield>
            <subfield code="c">Utrecht</subfield>
            <subfield code="g">NL-Usg</subfield>
         </datafield>
         <datafield tag="580" ind1=" " ind2=" ">
            <subfield code="x">NL-Unik</subfield>
            <subfield code="0">30003131</subfield>
         </datafield>
      </record>