
      <record>
         <leader>00000nz  a2200169   4500</leader>
         <controlfield tag="001">30004799</controlfield>
         <controlfield tag="003">RISM</controlfield>
         <controlfield tag="005">20160216</controlfield>
         <controlfield tag="008">160216n||az|||||||##########||||||||||||</controlfield>
         <datafield tag="040" ind1=" " ind2=" ">
            <subfield code="a">NL-Zb</subfield>
         </datafield>
         <datafield tag="043" ind1=" " ind2=" ">
            <subfield code="c">XA-NL</subfield>
         </datafield>
         <datafield tag="110" ind1="2" ind2=" ">
            <subfield code="a">Archief van de Evangelische Broedergemeente</subfield>
            <subfield code="c">Zeist</subfield>
            <subfield code="g">NL-Zb</subfield>
         </datafield>
         <datafield tag="410" ind1="2" ind2=" ">
            <subfield code="a">Moravian Congregation</subfield>
         </datafield>
         <datafield tag="580" ind1=" " ind2=" ">
            <subfield code="x">NL-Ur</subfield>
            <subfield code="0">30005690</subfield>
         </datafield>
      </record>